<record><leader>00000cas a22000007a 4500</leader><controlfield tag="001">11369282</controlfield><controlfield tag="008">841109d18uu1937nyuwr ne      0    0eng d</controlfield><datafield ind1=" " ind2=" " tag="010"><subfield code="a">sn 84035818 </subfield></datafield><datafield ind1=" " ind2=" " tag="040"><subfield code="a">NYG</subfield><subfield code="b">eng</subfield><subfield code="c">NYG</subfield><subfield code="d">NYS</subfield><subfield code="d">OCL</subfield><subfield code="d">NYS</subfield><subfield code="d">OCLCQ</subfield><subfield code="d">OCLCO</subfield></datafield><datafield ind1=" " ind2=" " tag="042"><subfield code="a">msc</subfield></datafield><datafield ind1=" " ind2=" " tag="043"><subfield code="a">n-us-ny</subfield></datafield><datafield ind1="0" ind2=" " tag="130"><subfield code="a">Rural times (Otego, N.Y.)</subfield></datafield><datafield ind1="1" ind2="0" tag="245"><subfield code="a">Rural times.</subfield></datafield><datafield ind1=" " ind2=" " tag="260"><subfield code="a">Otego, N.Y. :</subfield><subfield code="b">V.S. Fuller</subfield></datafield><datafield ind1=" " ind2=" " tag="300"><subfield code="a">v. :</subfield><subfield code="b">ill. ;</subfield><subfield code="c">48-65 cm.</subfield></datafield><datafield ind1=" " ind2=" " tag="310"><subfield code="a">Weekly</subfield></datafield><datafield ind1="0" ind2=" " tag="362"><subfield code="a">-no. 33 (Dec. 3, 1937).</subfield></datafield><datafield ind1=" " ind2=" " tag="500"><subfield code="a">Publishers: V.S. Fuller, &lt;1890-1893&gt;; Unadilla Times, &lt;1931&gt;.</subfield></datafield><datafield ind1=" " ind2=" " tag="500"><subfield code="a">"Devoted to local family reading and to the interest of agriculture and farm," &lt;1893&gt;.</subfield></datafield><datafield ind1=" " ind2=" " tag="500"><subfield code="a">Published every Wednesday.</subfield></datafield><datafield ind1=" " ind2=" " tag="588"><subfield code="a">Description based on: Vol. 9, no. 1 (July 9, 1890) = Whole no. 542.</subfield></datafield><datafield ind1=" " ind2="0" tag="650"><subfield code="a">Farm life</subfield><subfield code="z">New York (State)</subfield><subfield code="z">Otego (N.Y.)</subfield><subfield code="v">Newspapers.</subfield></datafield><datafield ind1=" " ind2="0" tag="651"><subfield code="a">Otego (N.Y.)</subfield><subfield code="v">Newspapers.</subfield></datafield><datafield ind1=" " ind2=" " tag="752"><subfield code="a">United States</subfield><subfield code="b">New York</subfield><subfield code="c">Otsego</subfield><subfield code="d">Otego.</subfield></datafield><datafield ind1="0" ind2="0" tag="780"><subfield code="t">Otego times (Otego, N.Y. : 1881)</subfield><subfield code="w">(DLC)sn 92061703</subfield><subfield code="w">(OCoLC)26114645</subfield></datafield></record>